@book{Twitterbuch_SN,
  title = {Twitter. Mit 140 Zeichen zum Web 2.0},
  author = {Simon, Nicole and Bernhardt, Nikolaus},
  address = {München},
  publisher = {Open Source Press},
  year = {2008},
  ISBN = {978-3-937514-74-1},
  size = {235 S. : Ill. ; 240 mm x 176 mm},
  keywords = {Twitter <Softwareplattform>},
}


@booklet{slac_earlyweb,
  author = {Jean Marie Deken},
  title = {The Early World Wide Web at SLAC: Documentation of the Early Web at SLAC (1991-1994)},
  howpublished = {Webseite},
  url = {http://www.slac.stanford.edu/history/earlyweb/history.shtml},
  publisher = {SLAC National Accelerator Laboratory},
  year = {2006},
  urldate = {2011-04-25}
}

@booklet{spon_guttenplag,
  author = {Christian Stöcker},
  title = {GuttenPlag-Wiki-Zwischenbilanz. Web-Detektive fanden schon mehr als 3000 Plagiats-Zeilen},
  howpublished = {Webseite},
  url = {http://www.spiegel.de/netzwelt/netzpolitik/0,1518,746881,00.html},
  publisher = {Spiegel Online},
  year = {2011},
  urldate = {2011-04-25}
}

@booklet{taz_guttendemo,
  author = {M. Kaul and E. Smechowski},
  title = {Das Volk fehlt. Guttenberg-Protest auf der Straße.},
  howpublished = {Webseite},
  url = {http://www.taz.de/1/leben/alltag/artikel/1/das-volk-fehlt/},
  publisher = {taz},
  year = {2011},
  urldate = {2011-04-25}
}

@booklet{prefix_investing,
  author = {Mike Masnick},
  title = {Nanotech Excitement Boosts Wrong Stock},
  howpublished = {Webseite},
  url = {http://www.techdirt.com/articles/20031204/0824235.shtml},
  publisher = {techdirt},
  year = {2003},
  urldate = {2011-04-25}
}