     
@book{Twitterbuch_SN,
title = {Twitter : mit 140 Zeichen zum Web 2.0},
author = {Simon, Nicole and Bernhardt, Nikolaus},
address = {München},
publisher = {Open Source Press},
year = {2008},
ISBN = {978-3-937514-74-1},
size = {235 S. : Ill. ; 240 mm x 176 mm},
keywords = {Twitter <Softwareplattform>},
bestand = {Universitätsbibliothek Tübingen <21> [Signatur: 49 A 5441];
Sächsische Landesbibliothek - Staats- und Universitätsbibliothek <14>;
Württembergische Landesbibliothek <24> [Signatur: 59/10587];
Universität Mannheim, Universitätsbibliothek <180>;
Universitätsbibliothek Leipzig <15>;
Karlsruher Institut für Technologie (KIT) - KIT-Bibliothek Süd <90> [Signatur: 2009 A 1479];
Badische Landesbibliothek <31> [Signatur: 109 A 9181];
Universitätsbibliothek Chemnitz <Ch 1>;
Kommunikations-, Informations- und Medienzentrum der Universität Hohenheim <100> [Signatur: 1562/279];
TU Bergakademie Freiberg, Universitätsbibliothek <105> [Signatur: 10.802 8.];
Hochschulbibliothek Reutlingen <Rt 2> [Signatur: I 5-825-26];
Westsächsische Hochschule Zwickau <Zwi 2> [Signatur: 78 095];
Hochschulbibliothek Heilbronn <840> [Signatur: 621.846 SIM];
Hochschulbibliothek Heilbronn, Standort Künzelsau <840/1> [Signatur: 621.846 SIM];
Hochschulbibliothek Konstanz - <Kon 4> [Signatur: ibe75/26];
Hochschulbibliothek Pforzheim, <951> [Signatur: inf 5.44 2009 1833];
Hochschule Mannheim, Hochschulbibliothek <953> [Signatur: KYB 27];
Hochschule der Medien Stuttgart, Standort Nobelstraße <958> [Signatur: Wcm 1];
Stadtbibliothek Chemnitz <59>;
Duale Hochschule Baden-Württemberg Mannheim <Mh 35> [Signatur: INF T 5550.19];
Berufsakademie Sachsen, Staatliche Studienakademie Dresden <D 161>;
Evangelische Akademie Bad Boll <Bol 1> [Signatur: K 1759];
Gemeindebücherei Grenzach-Wyhlen <1336> [Signatur: Wcc 30 SIM];
},
}


@booklet{slac_earlyweb,
author = {Jean Marie Deken},
title = {The Early World Wide Web at SLAC: Documentation of the Early Web at SLAC (1991-1994)},
howpublished = {Webseite},
type = {online},
url = {http://www.slac.stanford.edu/history/earlyweb/history.shtml},
publisher = {SLAC National Accelerator Laboratory},
year = {Mai 2006},
lastchecked = {25.\,April.\,2011}
}
	
	
 			
